<?xml version="1.0" encoding="UTF-8"?><record xmlns="http://www.loc.gov/MARC21/slim" xmlns:cinclude="http://apache.org/cocoon/include/1.0" xmlns:zs="http://www.loc.gov/zing/srw/">
  <leader>00502nz  a2200133n  4500</leader>
  <controlfield tag="001">no2008062193</controlfield>
  <controlfield tag="003">DLC</controlfield>
  <controlfield tag="005">20080426080622.0</controlfield>
  <controlfield tag="008">080418n| acannaabn          |n aaa     c</controlfield>
  <datafield tag="010" ind1=" " ind2=" ">
    <subfield code="a">no2008062193</subfield>
  </datafield>
  <datafield tag="035" ind1=" " ind2=" ">
    <subfield code="a">(OCoLC)oca07744806</subfield>
  </datafield>
  <datafield tag="040" ind1=" " ind2=" ">
    <subfield code="a">CU-A</subfield>
    <subfield code="b">eng</subfield>
    <subfield code="c">CU-A</subfield>
  </datafield>
  <datafield tag="100" ind1="1" ind2=" ">
    <subfield code="a">Führs, Johann Gerhard,</subfield>
    <subfield code="d">1917-</subfield>
  </datafield>
  <datafield tag="670" ind1=" " ind2=" ">
    <subfield code="a">Lässt sich in Gewebssaft der Kutis bei der positiven intrakutanen Tuberkulinreaktion des Rindes ein charakteristisches Zellbild erkennen?, 1950:</subfield>
    <subfield code="b">t.p. (Johann Gerhard Führs) vita (b. 1917)</subfield>
  </datafield>
</record>